<?xml version="1.0" encoding="UTF-8"?><collection xmlns="http://www.loc.gov/MARC21/slim"><record><leader>00608nam--2200205-i-4500</leader><controlfield tag="001">000018011</controlfield><controlfield tag="002">20161230</controlfield><controlfield tag="005">20161230201032</controlfield><controlfield tag="008">060222s1000------------r-----000-0-fre-d</controlfield><datafield ind1=" " ind2=" " tag="040"><subfield code="a">IFIN-HH</subfield></datafield><datafield ind1=" " ind2=" " tag="041"><subfield code="a">fre</subfield></datafield><datafield ind1=" " ind2=" " tag="080"><subfield code="a">53:029.75</subfield></datafield><datafield ind1="1" ind2=" " tag="100"><subfield code="a">Faivre-dupaigre,J</subfield></datafield><datafield ind1="1" ind2="0" tag="245"><subfield code="a">Cours de physique pour les classes de mathematique speciales programme de 1925. vol. ii. chaleur</subfield><subfield code="c">J. faivre-dupaigre, j. lamirand, l. brizard</subfield></datafield><datafield ind1=" " ind2=" " tag="250"><subfield code="a">Onzieme Edition</subfield></datafield><datafield ind1=" " ind2=" " tag="260"><subfield code="a">Paris</subfield><subfield code="b">Masson Et C-ie Editeur</subfield><subfield code="c">1933</subfield></datafield><datafield ind1=" " ind2=" " tag="300"><subfield code="a">346 P</subfield></datafield><datafield ind1="1" ind2=" " tag="700"><subfield code="a">Brizard, L</subfield></datafield><datafield ind1=" " ind2=" " tag="852"><subfield code="a">19226</subfield><subfield code="c">53</subfield></datafield><datafield ind1=" " ind2=" " tag="CAT"><subfield code="a">Sys</subfield><subfield code="c">20150217</subfield><subfield code="h">215253</subfield></datafield></record></collection>